@inproceedings{launchbury,
  author    = {John Launchbury},
  title     = {A Natural Semantics for Lazy Evaluation},
  booktitle = {Principles of Programming Languages},
  year      = {1993},
  pages     = {144-154},
  ee        = {http://doi.acm.org/10.1145/158511.158618},
  bibsource = {DBLP, http://dblp.uni-trier.de}
}

