@mastersthesis{molitor15masterarbeit,
  title = {Open Inductive Predicates},
  year = {2015},
  author = {Richard Molitor},
  school = {Karlsruher Institut f{\"u}r Technologie (KIT)},
  institution = {IPD Snelting},
}
